@ARTICLE{2013A&ARv..21...62D,
   author = {{Durrer}, R. and {Neronov}, A.},
    title = "{Cosmological magnetic fields: their generation, evolution and observation}",
  journal = {\aapr},
archivePrefix = "arXiv",
   eprint = {1303.7121},
 primaryClass = "astro-ph.CO",
 keywords = {Cosmology, Magnetic fields, Early Universe, Cosmic microwave background, Gamma rays},
     year = 2013,
    month = jun,
   volume = 21,
    pages = {62},
      doi = {10.1007/s00159-013-0062-7},
   adsurl = {http://ads.nao.ac.jp/abs/2013A%26ARv..21...62D},
  adsnote = {Provided by the SAO/NASA Astrophysics Data System}
}
@ARTICLE{2008Natur.454..302B,
   author = {{Bernet}, M.~L. and {Miniati}, F. and {Lilly}, S.~J. and {Kronberg}, P.~P. and 
	{Dessauges-Zavadsky}, M.},
    title = "{Strong magnetic fields in normal galaxies at high redshift}",
  journal = {\nat},
archivePrefix = "arXiv",
   eprint = {0807.3347},
     year = 2008,
    month = jul,
   volume = 454,
    pages = {302-304},
      doi = {10.1038/nature07105},
   adsurl = {http://adsabs.harvard.edu/abs/2008Natur.454..302B},
  adsnote = {Provided by the SAO/NASA Astrophysics Data System}
}

@ARTICLE{2010Sci...328...73N,
   author = {{Neronov}, A. and {Vovk}, I.},
    title = "{Evidence for Strong Extragalactic Magnetic Fields from Fermi Observations of TeV Blazars}",
  journal = {Science},
archivePrefix = "arXiv",
   eprint = {1006.3504},
 primaryClass = "astro-ph.HE",
     year = 2010,
    month = apr,
   volume = 328,
    pages = {73-},
      doi = {10.1126/science.1184192},
   adsurl = {http://ads.nao.ac.jp/abs/2010Sci...328...73N},
  adsnote = {Provided by the SAO/NASA Astrophysics Data System}
}
@ARTICLE{2010ApJ...722L..39A,
   author = {{Ando}, S. and {Kusenko}, A.},
    title = "{Evidence for Gamma-ray Halos Around Active Galactic Nuclei and the First Measurement of Intergalactic Magnetic Fields}",
  journal = {\apjl},
archivePrefix = "arXiv",
   eprint = {1005.1924},
 primaryClass = "astro-ph.HE",
 keywords = {galaxies: active, gamma rays: general, ISM: magnetic fields},
     year = 2010,
    month = oct,
   volume = 722,
    pages = {L39-L44},
      doi = {10.1088/2041-8205/722/1/L39},
   adsurl = {http://ads.nao.ac.jp/abs/2010ApJ...722L..39A},
  adsnote = {Provided by the SAO/NASA Astrophysics Data System}
}
@ARTICLE{2013ApJ...771L..42T,
   author = {{Takahashi}, K. and {Mori}, M. and {Ichiki}, K. and {Inoue}, S. and 
	{Takami}, H.},
    title = "{Lower Bounds on Magnetic Fields in Intergalactic Voids from Long-term GeV-TeV Light Curves of the Blazar Mrk 421}",
  journal = {\apjl},
archivePrefix = "arXiv",
   eprint = {1303.3069},
 primaryClass = "astro-ph.CO",
 keywords = {BL Lacertae objects: individual: Mrk 421, galaxies: active, gamma rays: general, magnetic fields, radiation mechanisms: non-thermal},
     year = 2013,
    month = jul,
   volume = 771,
      eid = {L42},
    pages = {L42},
      doi = {10.1088/2041-8205/771/2/L42},
   adsurl = {http://ads.nao.ac.jp/abs/2013ApJ...771L..42T},
  adsnote = {Provided by the SAO/NASA Astrophysics Data System}
}
@ARTICLE{2013arXiv1303.5076P,
   author = {{Planck Collaboration} and {Ade}, P.~A.~R. and {Aghanim}, N. and 
	{Armitage-Caplan}, C. and {Arnaud}, M. and {Ashdown}, M. and 
	{Atrio-Barandela}, F. and {Aumont}, J. and {Baccigalupi}, C. and 
	{Banday}, A.~J. and et al.},
    title = "{Planck 2013 results. XVI. Cosmological parameters}",
  journal = {ArXiv e-prints},
archivePrefix = "arXiv",
   eprint = {1303.5076},
 primaryClass = "astro-ph.CO",
 keywords = {Astrophysics - Cosmology and Extragalactic Astrophysics},
     year = 2013,
    month = mar,
   adsurl = {http://adsabs.harvard.edu/abs/2013arXiv1303.5076P},
  adsnote = {Provided by the SAO/NASA Astrophysics Data System}
}
@ARTICLE{2005MNRAS.356..778S,
   author = {{Sethi}, S.~K. and {Subramanian}, K.},
    title = "{Primordial magnetic fields in the post-recombination era and early reionization}",
  journal = {Mon. Not. Roy. Astron. Soc.},
   eprint = {arXiv:astro-ph/0405413},
 keywords = {magnetic fields, MHD, cosmology: theory, large-scale structure of Universe},
     year = 2005,
    month = jan,
   volume = 356,
    pages = {778-788},
      doi = {10.1111/j.1365-2966.2004.08520.x},
   adsurl = {http://ads.nao.ac.jp/abs/2005MNRAS.356..778S},
  adsnote = {Provided by the SAO/NASA Astrophysics Data System}
}
@ARTICLE{2006MNRAS.372.1060T,
   author = {{Tashiro}, H. and {Sugiyama}, N.},
    title = "{Probing primordial magnetic fields with the 21-cm fluctuations}",
  journal = {Mon. Not. Roy. Astron. Soc.},
   eprint = {arXiv:astro-ph/0607169},
 keywords = {magnetic fields, cosmology: theory, large-scale structure of Universe},
     year = 2006,
    month = nov,
   volume = 372,
    pages = {1060-1068},
      doi = {10.1111/j.1365-2966.2006.10901.x},
   adsurl = {http://ads.nao.ac.jp/abs/2006MNRAS.372.1060T},
  adsnote = {Provided by the SAO/NASA Astrophysics Data System}
}
@ARTICLE{2009ApJ...692..236S,
   author = {{Schleicher}, D.~R.~G. and {Banerjee}, R. and {Klessen}, R.~S.
	},
    title = "{Influence of Primordial Magnetic Fields on 21 cm Emission}",
  journal = {\apj},
archivePrefix = "arXiv",
   eprint = {0808.1461},
 keywords = {atomic processes, cosmology: theory, early universe, magnetic fields, turbulence},
     year = 2009,
    month = feb,
   volume = 692,
    pages = {236-245},
      doi = {10.1088/0004-637X/692/1/236},
   adsurl = {http://ads.nao.ac.jp/abs/2009ApJ...692..236S},
  adsnote = {Provided by the SAO/NASA Astrophysics Data System}
}
@ARTICLE{2009JCAP...11..021S,
   author = {{Sethi}, S.~K. and {Subramanian}, K.},
    title = "{Primordial magnetic fields and the HI signal from the epoch of reionization}",
  journal = {Journal of Cosmology and Astro-Particle Physics},
archivePrefix = "arXiv",
   eprint = {0911.0244},
     year = 2009,
    month = nov,
   volume = 11,
    pages = {21-+},
      doi = {10.1088/1475-7516/2009/11/021},
   adsurl = {http://ads.nao.ac.jp/abs/2009JCAP...11..021S},
  adsnote = {Provided by the SAO/NASA Astrophysics Data System}
}
@ARTICLE{2014arXiv1403.2608S,
   author = {{Shiraishi}, M. and {Tashiro}, H. and {Ichiki}, K.},
    title = "{21cm fluctuations from primordial magnetic fields}",
  journal = {ArXiv e-prints},
archivePrefix = "arXiv",
   eprint = {1403.2608},
 primaryClass = "astro-ph.CO",
 keywords = {Astrophysics - Cosmology and Extragalactic Astrophysics},
     year = 2014,
    month = mar,
   adsurl = {http://ads.nao.ac.jp/abs/2014arXiv1403.2608S},
  adsnote = {Provided by the SAO/NASA Astrophysics Data System}
}
@ARTICLE{2014JCAP...01..009K,
   author = {{Kunze}, K.~E. and {Komatsu}, E.},
    title = "{Constraining primordial magnetic fields with distortions of the black-body spectrum of the cosmic microwave background: pre- and post-decoupling contributions}",
  journal = {\jcap},
archivePrefix = "arXiv",
   eprint = {1309.7994},
 primaryClass = "astro-ph.CO",
     year = 2014,
    month = jan,
   volume = 1,
      eid = {009},
    pages = {9},
      doi = {10.1088/1475-7516/2014/01/009},
   adsurl = {http://ads.nao.ac.jp/abs/2014JCAP...01..009K},
  adsnote = {Provided by the SAO/NASA Astrophysics Data System}
}

